<record><leader>00000cas a22000007a 4500</leader><controlfield tag="001">24060942</controlfield><controlfield tag="008">910712d192u19uuncuwr ne      0    0eng d</controlfield><datafield ind1=" " ind2=" " tag="010"><subfield code="a">sn 91068067 </subfield></datafield><datafield ind1=" " ind2=" " tag="040"><subfield code="a">NVJ</subfield><subfield code="b">eng</subfield><subfield code="c">NVJ</subfield><subfield code="d">OCLCQ</subfield></datafield><datafield ind1=" " ind2=" " tag="042"><subfield code="a">msc</subfield></datafield><datafield ind1="0" ind2="0" tag="245"><subfield code="a">Columbus County news.</subfield></datafield><datafield ind1=" " ind2=" " tag="260"><subfield code="a">Chadbourn, N.C. :</subfield><subfield code="b">W.G. Perkins</subfield></datafield><datafield ind1=" " ind2=" " tag="300"><subfield code="a">v.</subfield></datafield><datafield ind1=" " ind2=" " tag="310"><subfield code="a">Weekly</subfield></datafield><datafield ind1=" " ind2=" " tag="588"><subfield code="a">Description based on: Vol. 6, no. 42 (Apr. 5, 1934).</subfield></datafield><datafield ind1=" " ind2=" " tag="752"><subfield code="a">United States</subfield><subfield code="b">North Carolina</subfield><subfield code="c">Columbus</subfield><subfield code="d">Chadbourn.</subfield></datafield><datafield ind1="0" ind2="0" tag="780"><subfield code="t">Columbus news (Chadbourn, N.C.)</subfield><subfield code="w">(DLC)sn 92074005</subfield></datafield></record>